<record><leader>00000cas a22000007a 4500</leader><controlfield tag="001">13540174</controlfield><controlfield tag="008">860507d18961941paudn ne      0    0eng d</controlfield><datafield ind1=" " ind2=" " tag="010"><subfield code="a">sn 86081356 </subfield></datafield><datafield ind1=" " ind2=" " tag="040"><subfield code="a">NPH</subfield><subfield code="b">eng</subfield><subfield code="c">NPH</subfield><subfield code="d">OCLCQ</subfield></datafield><datafield ind1=" " ind2=" " tag="042"><subfield code="a">msc</subfield></datafield><datafield ind1="0" ind2="0" tag="245"><subfield code="a">Daily news standard.</subfield></datafield><datafield ind1="3" ind2="0" tag="246"><subfield code="a">News standard</subfield></datafield><datafield ind1=" " ind2=" " tag="260"><subfield code="a">Uniontown, Pa. :</subfield><subfield code="b">News Standard Pub. Co.</subfield></datafield><datafield ind1=" " ind2=" " tag="300"><subfield code="a">45 v. :</subfield><subfield code="b">ill. ;</subfield><subfield code="c">58 cm.</subfield></datafield><datafield ind1=" " ind2=" " tag="310"><subfield code="a">Daily (except Sunday)</subfield></datafield><datafield ind1="0" ind2=" " tag="362"><subfield code="a">Vol. 8, no. 93 (Apr. 4, 1896)-v. 53, no. 118 (May 10, 1941).</subfield></datafield><datafield ind1=" " ind2=" " tag="500"><subfield code="a">Editor: O.J. Sturgis, &lt;1903&gt;.</subfield></datafield><datafield ind1=" " ind2=" " tag="580"><subfield code="a">Also published in a weekly edition called: News-standard (Uniontown, Pa.), 1896-1901, or: Weekly news-standard, 1901-&lt;1916&gt;.</subfield></datafield><datafield ind1=" " ind2=" " tag="580"><subfield code="a">Published from the same office: Morning news (Uniontown, Pa.).</subfield></datafield><datafield ind1=" " ind2=" " tag="752"><subfield code="a">United States</subfield><subfield code="b">Pennsylvania</subfield><subfield code="c">Fayette</subfield><subfield code="d">Uniontown.</subfield></datafield><datafield ind1="1" ind2=" " tag="775"><subfield code="t">News standard (Uniontown, Pa.)</subfield><subfield code="w">(DLC)sn 86082066</subfield></datafield><datafield ind1="1" ind2=" " tag="775"><subfield code="t">Weekly news standard</subfield><subfield code="w">(DLC)sn 87078232</subfield></datafield><datafield ind1="0" ind2="0" tag="780"><subfield code="t">News standard (Uniontown, Pa. : Daily)</subfield><subfield code="w">(DLC)sn 87078234</subfield></datafield><datafield ind1="0" ind2="0" tag="785"><subfield code="t">Evening standard (Uniontown, Pa. : 1941)</subfield><subfield code="w">(DLC)sn 87062165</subfield></datafield><datafield ind1="1" ind2=" " tag="787"><subfield code="t">Morning news (Uniontown, Pa.)</subfield><subfield code="w">(DLC)sn 87078233</subfield></datafield><datafield ind1="1" ind2=" " tag="029"><subfield code="a">AU@</subfield><subfield code="b">000025814420</subfield></datafield></record>